
@Misc{Openstack,
author = {openstack},
title = {Openstack for controlling and managing resources},
howpublished = {Web},
timestamp = {2018-02-02},
Url = {https://www.openstack.org/},

}

@Misc{Owncloud,
author = {ownCloud},
title = {Owncloud for efficient file hosting services},
howpublished = {Web},
timestamp = {2018-02-02},
Url = {https://en.wikipedia.org/wiki/OwnCloud},

}

@Misc{Rackspace,
author = {Rackspace Inc},
title = {Rackspace for efficient cloud management services},
howpublished = {Web},
timestamp = {2018-02-02},
Url = {https://www.rackspace.com/en-us/about},

}

@Misc{AlibabaCloud,
author = {Alibaba Group},
title = {Alibaba Cloud},
howpublished = {Web},
timestamp = {2018-02-09},
Url ={https://www.alibabacloud.com/about?spm=a3c0i.7911826.677923.38.4419737ba9UIy6},

}

@Misc{Twilio,
author = {Twilio},
title = {Twilio},
howpublished = {Web},
timestamp = {2018-02-09},
Url = {https://en.wikipedia.org/wiki/Twilio},

}


