@Inbook{hid-sp18-406-twilio-intro1,
  author =   "Maximizer",
  editor =       "",
  title =        "6 Reasons Why Your Business Needs CRM",
  subtitle =     "",
  series =       "",
  year =         "2015",
  volume =   "",
  address =      "",
  edition =      "",
  publisher =    "Maximizer",
  doi =    "",
  url =    "https://www.maximizer.com/blog/6-reasons-why-your-business-needs-crm/",
  OPTchapter =   "",
  OPTpages =   "",
  OPTnumber =    "",
  OPTtype =    "",
  OPTmonth =   "",
  OPTnote =    "",
}

@Inbook{hid-sp18-406-twilio-intro2,
  author =   "Ryan Crowe",
  editor =       "",
  title =        "What is twilio",
  subtitle =     "",
  series =       "",
  year =         "2014",
  volume =   "",
  address =      "",
  edition =      "",
  publisher =    "Quora",
  doi =    "",
  url =    "https://www.quora.com/What-is-twilio",
  OPTchapter =   "",
  OPTpages =   "",
  OPTnumber =    "",
  OPTtype =    "",
  OPTmonth =   "",
  OPTnote =    "",
}

@Inbook{hid-sp18-406-twilio-architecture1,
  author =   "David Prothero",
  editor =       "",
  title =        "Serverless Architecture",
  subtitle =     "",
  series =       "",
  year =         "2015",
  volume =   "",
  address =      "",
  edition =      "",
  publisher =    "Twilio",
  doi =    "",
  url =    "https://www.twilio.com/docs/glossary/what-is-serverless-architecture",
  OPTchapter =   "",
  OPTpages =   "",
  OPTnumber =    "",
  OPTtype =    "",
  OPTmonth =   "",
  OPTnote =    "",
}

@Inbook{hid-sp18-406-twilio-architecture2,
  author =   "Scott Wiersdorf",
  editor =       "",
  title =        "Building Telephony Applications with Perl and TwiML",
  subtitle =     "",
  series =       "",
  year =         "2011",
  volume =   "",
  address =      "",
  edition =      "",
  publisher =    "Perl.com",
  doi =    "",
  url = "https://www.perl.com/pub/2011/12/building-telephony-applications-with-perl-and-twiml.html/",
  OPTchapter =   "",
  OPTpages =   "",
  OPTnumber =    "",
  OPTtype =    "",
  OPTmonth =   "",
  OPTnote =    "",
}

@Inbook{hid-sp18-406-twilio-architecture3,
  author =   "Twilio",
  editor =       "",
  title =        "TWIML: THE TWILIO MARKUP LANGUAGE",
  subtitle =     "",
  series =       "",
  year =         "2017",
  volume =   "",
  address =      "",
  edition =      "",
  publisher =    "Twilio",
  doi =    "",
  url =    "https://www.twilio.com/docs/api/twiml",
  OPTchapter =   "",
  OPTpages =   "",
  OPTnumber =    "",
  OPTtype =    "",
  OPTmonth =   "",
  OPTnote =    "",
}

@Inbook{hid-sp18-406-twilio-architecture4,
  author =   "Twilio",
  editor =       "",
  title =        "",
  subtitle =     "",
  series =       "Tutorials",
  year =         "2017",
  volume =   "",
  address =      "",
  edition =      "",
  publisher =    "Twilio",
  doi =    "",
  url =    "https://www.twilio.com/docs/tutorials?order_by=-popularity_rank",
  OPTchapter =   "",
  OPTpages =   "",
  OPTnumber =    "",
  OPTtype =    "",
  OPTmonth =   "",
  OPTnote =    "",
}
@Inbook{hid-sp18-406-twilio-usecase1,
  author =   "Mark Castellani",
  editor =       "",
  title =        "What is twilio?",
  subtitle =     "",
  series =       "",
  year =         "2017",
  volume =   "",
  address =      "",
  edition =      "",
  publisher =    "Quora",
  doi =    "",
  url =    "https://www.quora.com/What-is-twilio",
  OPTchapter =   "",
  OPTpages =   "",
  OPTnumber =    "",
  OPTtype =    "",
  OPTmonth =   "",
  OPTnote =    "",
}
@Inbook{hid-sp18-406-twilio-usecase1,
  author =   "Mark Castellani",
  editor =       "",
  title =        "What is twilio?",
  subtitle =     "",
  series =       "",
  year =         "2017",
  volume =   "",
  address =      "",
  edition =      "",
  publisher =    "Quora",
  doi =    "",
  url =    "https://www.quora.com/What-is-twilio",
  OPTchapter =   "",
  OPTpages =   "",
  OPTnumber =    "",
  OPTtype =    "",
  OPTmonth =   "",
  OPTnote =    "",
}
@Inbook{hid-sp18-406-twilio-usecase2,
  author =   "Twilio",
  editor =       "",
  title =        "LYFT REVVED UP REAL-TIME COMMUNICATIONS WITH TWILIO",
  subtitle =     "",
  series =       "",
  year =         "2017",
  volume =   "",
  address =      "",
  edition =      "",
  publisher =    "Twilio",
  doi =    "",
  url =    "https://customers.twilio.com/249/lyft/",
  OPTchapter =   "",
  OPTpages =   "",
  OPTnumber =    "",
  OPTtype =    "",
  OPTmonth =   "",
  OPTnote =    "",
}
@Inbook{hid-sp18-406-twilio-conclusion1,
  author =   "Twilio",
  editor =       "",
  title =        "TWILIO FLEX: A CONTACT CENTER PLATFORM WITH FULL-STACK PROGRAMMABILITY",
  subtitle =     "What is Twilio and How Does the Twilio API Work?",
  series =       "",
  year =         "2017",
  volume =   "",
  address =      "",
  edition =      "",
  publisher =    "Twilio",
  doi =    "",
  url =    "https://www.twilio.com/learn/twilio-101/what-is-twilio",
  OPTchapter =   "",
  OPTpages =   "",
  OPTnumber =    "",
  OPTtype =    "",
  OPTmonth =   "",
  OPTnote =    "",
}
@Inbook{hid-sp18-406-twilio-conclusion2,
  author =   "Jamie Cullen",
  editor =       "",
  title =        "Why Twilio Is One Of The Most Innovative Companies Of 2017",
  subtitle =     "",
  series =       "",
  year =         "2017",
  volume =   "",
  address =      "",
  edition =      "",
  publisher =    "FastCompany",
  doi =    "",
  url =    "https://www.fastcompany.com/3067463/why-twilio-is-one-of-the-most-innovative-companies-of-2017",
  OPTchapter =   "",
  OPTpages =   "",
  OPTnumber =    "",
  OPTtype =    "",
  OPTmonth =   "",
  OPTnote =    "",
}
@Misc{hid-sp18-406-twilio-architecture-image,
  author =   "Scott Wiersdorf",
  editor =       "",
  title =        "Building Telephony Applications with Perl and TwiML",
  subtitle =     "",
  series =       "",
  year =         "2011",
  volume =   "",
  address =      "",
  edition =      "",
  publisher =    "Perl.com",
  doi =    "",
  url = "https://www.perl.com/pub/2011/12/building-telephony-applications-with-perl-and-twiml.html/",
  OPTchapter =   "",
  OPTpages =   "",
  OPTnumber =    "",
  OPTtype =    "",
  OPTmonth =   "",
  OPTnote =    "",
}
@Misc{hid-sp18-406-twilio-usecase-image,
  author =   "Twilio",
  editor =       "",
  title =        "What Can You Do with Twilio?",
  subtitle =     "",
  series =       "",
  year =         "2016",
  volume =   "",
  address =      "",
  edition =      "",
  publisher =    "YouTube",
  doi =    "",
  url =    "https://www.youtube.com/watch?v=QtkMA5G-EMc",
  OPTchapter =   "",
  OPTpages =   "",
  OPTnumber =    "",
  OPTtype =    "",
  OPTmonth =   "",
  OPTnote =    "",
}

